<record><leader>00000cas a22000007a 4500</leader><controlfield tag="001">40537604</controlfield><controlfield tag="008">981222d196419uucaudn ne      0    0eng d</controlfield><datafield ind1=" " ind2=" " tag="010"><subfield code="a">sn 98061382 </subfield></datafield><datafield ind1=" " ind2=" " tag="040"><subfield code="a">CNK</subfield><subfield code="b">eng</subfield><subfield code="c">CNK</subfield><subfield code="d">OCLCQ</subfield><subfield code="d">OCLCF</subfield><subfield code="d">OCLCO</subfield></datafield><datafield ind1="1" ind2=" " tag="029"><subfield code="a">AU@</subfield><subfield code="b">000014498192</subfield></datafield><datafield ind1=" " ind2=" " tag="042"><subfield code="a">msc</subfield></datafield><datafield ind1="0" ind2="0" tag="245"><subfield code="a">Lawndale daily news.</subfield></datafield><datafield ind1=" " ind2=" " tag="260"><subfield code="a">Inglewood, Calif. :</subfield><subfield code="b">[s.n.]</subfield></datafield><datafield ind1=" " ind2=" " tag="300"><subfield code="a">v.</subfield></datafield><datafield ind1=" " ind2=" " tag="310"><subfield code="a">Daily (except Sun.)</subfield></datafield><datafield ind1="0" ind2=" " tag="362"><subfield code="a">Vol. 58, no. 17 (Mar. 2, 1964)-</subfield></datafield><datafield ind1=" " ind2=" " tag="500"><subfield code="a">"Serving Lawndale, El Camino, No. Redondo and No. Torrance."</subfield></datafield><datafield ind1=" " ind2="0" tag="651"><subfield code="a">Lawndale (Calif.)</subfield><subfield code="v">Newspapers.</subfield></datafield><datafield ind1=" " ind2="0" tag="651"><subfield code="a">Los Angeles County (Calif.)</subfield><subfield code="v">Newspapers.</subfield></datafield><datafield ind1=" " ind2="7" tag="655"><subfield code="a">Newspapers.</subfield><subfield code="2">fast</subfield><subfield code="0">(OCoLC)fst01423814</subfield></datafield><datafield ind1=" " ind2="7" tag="651"><subfield code="a">California</subfield><subfield code="z">Lawndale.</subfield><subfield code="2">fast</subfield><subfield code="0">(OCoLC)fst01219060</subfield></datafield><datafield ind1=" " ind2="7" tag="651"><subfield code="a">California</subfield><subfield code="z">Los Angeles County.</subfield><subfield code="2">fast</subfield><subfield code="0">(OCoLC)fst01205194</subfield></datafield><datafield ind1="0" ind2=" " tag="775"><subfield code="t">Hawthorne daily news</subfield><subfield code="w">(DLC)sn 98061383</subfield></datafield><datafield ind1="0" ind2=" " tag="775"><subfield code="t">Inglewood daily news</subfield><subfield code="w">(DLC)sn 96062785</subfield></datafield><datafield ind1=" " ind2=" " tag="752"><subfield code="a">United States</subfield><subfield code="b">California</subfield><subfield code="c">Los Angeles</subfield><subfield code="d">Inglewood.</subfield></datafield></record>